<?xml version="1.0" encoding="UTF-8"?><record xmlns="http://www.loc.gov/MARC21/slim" xmlns:cinclude="http://apache.org/cocoon/include/1.0" xmlns:zs="http://www.loc.gov/zing/srw/">
  <leader>00960cz  a2200157n  4500</leader>
  <controlfield tag="001">no 94044009 </controlfield>
  <controlfield tag="003">DLC</controlfield>
  <controlfield tag="005">20120807085144.0</controlfield>
  <controlfield tag="008">941222n| acannaabn          |a ana     c</controlfield>
  <datafield tag="010" ind1=" " ind2=" ">
    <subfield code="a">no 94044009 </subfield>
  </datafield>
  <datafield tag="040" ind1=" " ind2=" ">
    <subfield code="a">DJBF</subfield>
    <subfield code="b">eng</subfield>
    <subfield code="c">DJBF</subfield>
    <subfield code="d">DLC</subfield>
  </datafield>
  <datafield tag="111" ind1="2" ind2=" ">
    <subfield code="a">Expert Consultation on Stocks of Large Pelagic Fishes in the Mediterranean Area</subfield>
    <subfield code="d">(1992 :</subfield>
    <subfield code="c">Ērakleion, Greece)</subfield>
  </datafield>
  <datafield tag="411" ind1="2" ind2=" ">
    <subfield code="a">Consultation on Stocks of Large Pelagic Fishes in the Mediterranean Area, Expert</subfield>
  </datafield>
  <datafield tag="411" ind1="2" ind2=" ">
    <subfield code="a">Consultations d'experts sur les stocks de grands pélagiques dans la région méditerranéenne</subfield>
    <subfield code="d">(1992 :</subfield>
    <subfield code="c">Ērakleion, Greece)</subfield>
  </datafield>
  <datafield tag="667" ind1=" " ind2=" ">
    <subfield code="a">THIS 1XX FIELD CANNOT BE USED UNDER RDA UNTIL THIS RECORD HAS BEEN REVIEWED AND/OR UPDATED</subfield>
  </datafield>
  <datafield tag="670" ind1=" " ind2=" ">
    <subfield code="a">Report of the Expert Consultation on Stocks of Large Pelagic Fishes in the Mediterranean Area, 1994:</subfield>
    <subfield code="b">t.p. (Iráklion, Crete, Greece, 17-23 Sep., 1992; Consultation d'experts sur les stocks de grands pélagiques dans la région méditerranéenne)</subfield>
  </datafield>
</record>